@article{Lam1984,
author = {Lam, Tsit},
year = {1984},
month = {12},
pages = {},
title = {An introduction to real Algebra},
volume = {14},
journal = {Rocky Mountain Journal of Mathematics - ROCKY MT J MATH},
doi = {10.1216/RMJ-1984-14-4-767}
}

@book{Bochnak1998,
author="Bochnak, Jacek
and Coste, Michel
and Roy, Marie-Fran{\c{c}}oise",
yitle="Real Algebraic Geometry",
year="1998",
publisher="Springer Berlin Heidelberg",
address="Berlin, Heidelberg",isbn="978-3-662-03718-8",
doi="10.1007/978-3-662-03718-8_1",
url="https://doi.org/10.1007/978-3-662-03718-8_1"
}

@book{Knebusch2022,
author="Knebusch, Manfred
and Scheiderer, Claus",
title="Real Algebra: A First Course",
year="2022",
publisher="Springer International Publishing",
address="Cham",
isbn="978-3-031-09800-0",
doi="10.1007/978-3-031-09800-0_1",
url="https://doi.org/10.1007/978-3-031-09800-0_1"
}

@book{Jacobson2012I,
  title={Basic Algebra I: Second Edition},
  author={Jacobson, N.},
  isbn={9780486135229},
  series={Dover Books on Mathematics},
  url={https://books.google.co.uk/books?id=JHFpv0tKiBAC},
  year={2012},
  publisher={Dover Publications}
}

@book{Jacobson2012II,
  title={Basic Algebra II: Second Edition},
  author={Jacobson, N.},
  isbn={9780486135212},
  series={Dover Books on Mathematics},
  url={https://books.google.co.uk/books?id=hn75exNZZ-EC},
  year={2012},
  publisher={Dover Publications}
}
